{"symbol": "CRWD", "annualReports": [{"fiscalDateEnding": "2024-01-31", "reportedCurrency": "USD", "grossProfit": "2299832000", "totalRevenue": "3178729000", "costOfRevenue": "2307563000", "costofGoodsAndServicesSold": "755723000", "operatingIncome": "-1995000", "sellingGeneralAndAdministrative": "1533330000", "researchAndDevelopment": "768497000", "operatingExpenses": "2301827000", "investmentIncomeNet": "None", "netInterestIncome": "123174000", "interestIncome": "148930000", "interestExpense": "25756000", "nonInterestIncome": "3055555000", "otherNonOperatingIncome": "1638000", "depreciation": "None", "depreciationAndAmortization": "18416000", "incomeBeforeTax": "121527000", "incomeTaxExpense": "32200000", "interestAndDebtExpense": "25756000", "netIncomeFromContinuingOperations": "90617000", "comprehensiveIncomeNetOfTax": "88683000", "ebit": "147283000", "ebitda": "165699000", "netIncome": "89327000"}, {"fiscalDateEnding": "2023-01-31", "reportedCurrency": "USD", "grossProfit": "1640005000", "totalRevenue": "2278912000", "costOfRevenue": "1839549000", "costofGoodsAndServicesSold": "601231000", "operatingIncome": "-190112000", "sellingGeneralAndAdministrative": "1221753000", "researchAndDevelopment": "608364000", "operatingExpenses": "1830117000", "investmentIncomeNet": "None", "netInterestIncome": "27176000", "interestIncome": "52495000", "interestExpense": "25319000", "nonInterestIncome": "2241236000", "otherNonOperatingIncome": "3053000", "depreciation": "None", "depreciationAndAmortization": "16565000", "incomeBeforeTax": "-160845000", "incomeTaxExpense": "22400000", "interestAndDebtExpense": "25319000", "netIncomeFromContinuingOperations": "-182283000", "comprehensiveIncomeNetOfTax": "-183024000", "ebit": "-135526000", "ebitda": "-118961000", "netIncome": "-183245000"}, {"fiscalDateEnding": "2022-01-31", "reportedCurrency": "USD", "grossProfit": "1068373000", "totalRevenue": "1434063000", "costOfRevenue": "1235761000", "costofGoodsAndServicesSold": "383221000", "operatingIncome": "-142548000", "sellingGeneralAndAdministrative": "839638000", "researchAndDevelopment": "371283000", "operatingExpenses": "1210921000", "investmentIncomeNet": "None", "netInterestIncome": "-25231000", "interestIncome": "3788000", "interestExpense": "25231000", "nonInterestIncome": "1451594000", "otherNonOperatingIncome": "3968000", "depreciation": "None", "depreciationAndAmortization": "12902000", "incomeBeforeTax": "-162402000", "incomeTaxExpense": "72400000", "interestAndDebtExpense": "25231000", "netIncomeFromContinuingOperations": "-232378000", "comprehensiveIncomeNetOfTax": "-238361000", "ebit": "-137171000", "ebitda": "-124269000", "netIncome": "-234802000"}, {"fiscalDateEnding": "2021-01-31", "reportedCurrency": "USD", "grossProfit": "644893000", "totalRevenue": "877164000", "costOfRevenue": "822645000", "costofGoodsAndServicesSold": "229545000", "operatingIncome": "-92529000", "sellingGeneralAndAdministrative": "522752000", "researchAndDevelopment": "214670000", "operatingExpenses": "737422000", "investmentIncomeNet": "None", "netInterestIncome": "-1559000", "interestIncome": "4968000", "interestExpense": "1559000", "nonInterestIncome": "874423000", "otherNonOperatingIncome": "1251000", "depreciation": "None", "depreciationAndAmortization": "1448000", "incomeBeforeTax": "-87869000", "incomeTaxExpense": "4760000", "interestAndDebtExpense": "1559000", "netIncomeFromContinuingOperations": "-92629000", "comprehensiveIncomeNetOfTax": "-91319000", "ebit": "-86310000", "ebitda": "-84862000", "netIncome": "-92629000"}, {"fiscalDateEnding": "2020-01-31", "reportedCurrency": "USD", "grossProfit": "339786000", "totalRevenue": "489971000", "costOfRevenue": "533277000", "costofGoodsAndServicesSold": "141627000", "operatingIncome": "-146065000", "sellingGeneralAndAdministrative": "355663000", "researchAndDevelopment": "130188000", "operatingExpenses": "485851000", "investmentIncomeNet": "None", "netInterestIncome": "-442000", "interestIncome": "5558000", "interestExpense": "442000", "nonInterestIncome": "481413000", "otherNonOperatingIncome": "6725000", "depreciation": "None", "depreciationAndAmortization": "487000", "incomeBeforeTax": "-139782000", "incomeTaxExpense": "1997000", "interestAndDebtExpense": "442000", "netIncomeFromContinuingOperations": "-141779000", "comprehensiveIncomeNetOfTax": "-140868000", "ebit": "-139340000", "ebitda": "-138853000", "netIncome": "-141779000"}], "quarterlyReports": [{"fiscalDateEnding": "2024-04-30", "reportedCurrency": "USD", "grossProfit": "696033000", "totalRevenue": "967256000", "costOfRevenue": "684846000", "costofGoodsAndServicesSold": "225003000", "operatingIncome": "6936000", "sellingGeneralAndAdministrative": "453848000", "researchAndDevelopment": "235249000", "operatingExpenses": "689097000", "investmentIncomeNet": "None", "netInterestIncome": "39339000", "interestIncome": "45850000", "interestExpense": "6511000", "nonInterestIncome": "927917000", "otherNonOperatingIncome": "7656000", "depreciation": "None", "depreciationAndAmortization": "5995000", "incomeBeforeTax": "50487000", "incomeTaxExpense": "7667000", "interestAndDebtExpense": "6511000", "netIncomeFromContinuingOperations": "46264000", "comprehensiveIncomeNetOfTax": "39723000", "ebit": "56998000", "ebitda": "62993000", "netIncome": "42820000"}, {"fiscalDateEnding": "2024-01-31", "reportedCurrency": "USD", "grossProfit": "636763000", "totalRevenue": "880598000", "costOfRevenue": "607263000", "costofGoodsAndServicesSold": "208572000", "operatingIncome": "29671000", "sellingGeneralAndAdministrative": "393094000", "researchAndDevelopment": "213998000", "operatingExpenses": "607092000", "investmentIncomeNet": "None", "netInterestIncome": "35263000", "interestIncome": "41685000", "interestExpense": "6422000", "nonInterestIncome": "845335000", "otherNonOperatingIncome": "3616000", "depreciation": "None", "depreciationAndAmortization": "5503000", "incomeBeforeTax": "67276000", "incomeTaxExpense": "13577000", "interestAndDebtExpense": "6422000", "netIncomeFromContinuingOperations": "54973000", "comprehensiveIncomeNetOfTax": "57316000", "ebit": "73698000", "ebitda": "79201000", "netIncome": "53699000"}, {"fiscalDateEnding": "2023-10-31", "reportedCurrency": "USD", "grossProfit": "591010000", "totalRevenue": "819597000", "costOfRevenue": "591379000", "costofGoodsAndServicesSold": "195004000", "operatingIncome": "3163000", "sellingGeneralAndAdministrative": "391775000", "researchAndDevelopment": "196072000", "operatingExpenses": "587847000", "investmentIncomeNet": "None", "netInterestIncome": "33583000", "interestIncome": "40086000", "interestExpense": "6503000", "nonInterestIncome": "786014000", "otherNonOperatingIncome": "-474000", "depreciation": "None", "depreciationAndAmortization": "4600000", "incomeBeforeTax": "36265000", "incomeTaxExpense": "9600000", "interestAndDebtExpense": "6503000", "netIncomeFromContinuingOperations": "26672000", "comprehensiveIncomeNetOfTax": "20472000", "ebit": "42768000", "ebitda": "47368000", "netIncome": "26665000"}, {"fiscalDateEnding": "2023-07-31", "reportedCurrency": "USD", "grossProfit": "548709000", "totalRevenue": "761820000", "costOfRevenue": "571737000", "costofGoodsAndServicesSold": "182917000", "operatingIncome": "-15373000", "sellingGeneralAndAdministrative": "384720000", "researchAndDevelopment": "179362000", "operatingExpenses": "564082000", "investmentIncomeNet": "None", "netInterestIncome": "30194000", "interestIncome": "36638000", "interestExpense": "6444000", "nonInterestIncome": "731626000", "otherNonOperatingIncome": "-1734000", "depreciation": "None", "depreciationAndAmortization": "4100000", "incomeBeforeTax": "13083000", "incomeTaxExpense": "4611000", "interestAndDebtExpense": "6444000", "netIncomeFromContinuingOperations": "8476000", "comprehensiveIncomeNetOfTax": "9246000", "ebit": "19527000", "ebitda": "23627000", "netIncome": "8472000"}, {"fiscalDateEnding": "2023-04-30", "reportedCurrency": "USD", "grossProfit": "523350000", "totalRevenue": "716714000", "costOfRevenue": "537145000", "costofGoodsAndServicesSold": "169230000", "operatingIncome": "-19456000", "sellingGeneralAndAdministrative": "363741000", "researchAndDevelopment": "179065000", "operatingExpenses": "542806000", "investmentIncomeNet": "None", "netInterestIncome": "24134000", "interestIncome": "30521000", "interestExpense": "6387000", "nonInterestIncome": "692580000", "otherNonOperatingIncome": "230000", "depreciation": "None", "depreciationAndAmortization": "4174000", "incomeBeforeTax": "4900000", "incomeTaxExpense": "4409000", "interestAndDebtExpense": "6387000", "netIncomeFromContinuingOperations": "499000", "comprehensiveIncomeNetOfTax": "1649000", "ebit": "11287000", "ebitda": "15461000", "netIncome": "491000"}, {"fiscalDateEnding": "2023-01-31", "reportedCurrency": "USD", "grossProfit": "461763000", "totalRevenue": "668531000", "costOfRevenue": "511287000", "costofGoodsAndServicesSold": "175604000", "operatingIncome": "-61500000", "sellingGeneralAndAdministrative": "331418000", "researchAndDevelopment": "191845000", "operatingExpenses": "523263000", "investmentIncomeNet": "None", "netInterestIncome": "20664000", "interestIncome": "27016000", "interestExpense": "6352000", "nonInterestIncome": "637367000", "otherNonOperatingIncome": "-2782000", "depreciation": "None", "depreciationAndAmortization": "4265000", "incomeBeforeTax": "-42169000", "incomeTaxExpense": "5312000", "interestAndDebtExpense": "6352000", "netIncomeFromContinuingOperations": "-48930000", "comprehensiveIncomeNetOfTax": "-39316000", "ebit": "-35817000", "ebitda": "-31552000", "netIncome": "-47481000"}, {"fiscalDateEnding": "2022-10-31", "reportedCurrency": "USD", "grossProfit": "422654000", "totalRevenue": "590793000", "costOfRevenue": "486148000", "costofGoodsAndServicesSold": "158228000", "operatingIncome": "-56422000", "sellingGeneralAndAdministrative": "323820000", "researchAndDevelopment": "155256000", "operatingExpenses": "479076000", "investmentIncomeNet": "None", "netInterestIncome": "9911000", "interestIncome": "16245000", "interestExpense": "6334000", "nonInterestIncome": "580882000", "otherNonOperatingIncome": "750000", "depreciation": "None", "depreciationAndAmortization": "4100000", "incomeBeforeTax": "-46056000", "incomeTaxExpense": "8900000", "interestAndDebtExpense": "6334000", "netIncomeFromContinuingOperations": "-54661000", "comprehensiveIncomeNetOfTax": "-58465000", "ebit": "-39722000", "ebitda": "-35622000", "netIncome": "-54956000"}, {"fiscalDateEnding": "2022-07-31", "reportedCurrency": "USD", "grossProfit": "394586000", "totalRevenue": "528818000", "costOfRevenue": "449696000", "costofGoodsAndServicesSold": "140567000", "operatingIncome": "-48307000", "sellingGeneralAndAdministrative": "305029000", "researchAndDevelopment": "137864000", "operatingExpenses": "442893000", "investmentIncomeNet": "None", "netInterestIncome": "-6335000", "interestIncome": "None", "interestExpense": "6335000", "nonInterestIncome": "535153000", "otherNonOperatingIncome": "3380000", "depreciation": "None", "depreciationAndAmortization": "4100000", "incomeBeforeTax": "-44507000", "incomeTaxExpense": "4778000", "interestAndDebtExpense": "6335000", "netIncomeFromContinuingOperations": "-48313000", "comprehensiveIncomeNetOfTax": "-50772000", "ebit": "-38172000", "ebitda": "-34072000", "netIncome": "-49285000"}, {"fiscalDateEnding": "2022-04-30", "reportedCurrency": "USD", "grossProfit": "361002000", "totalRevenue": "481536000", "costOfRevenue": "392406000", "costofGoodsAndServicesSold": "126832000", "operatingIncome": "-23883000", "sellingGeneralAndAdministrative": "261486000", "researchAndDevelopment": "123399000", "operatingExpenses": "384885000", "investmentIncomeNet": "None", "netInterestIncome": "-6298000", "interestIncome": "None", "interestExpense": "6298000", "nonInterestIncome": "487834000", "otherNonOperatingIncome": "1705000", "depreciation": "None", "depreciationAndAmortization": "4088000", "incomeBeforeTax": "-28083000", "incomeTaxExpense": "3440000", "interestAndDebtExpense": "6298000", "netIncomeFromContinuingOperations": "-30409000", "comprehensiveIncomeNetOfTax": "-34471000", "ebit": "-21785000", "ebitda": "-17697000", "netIncome": "-31523000"}, {"fiscalDateEnding": "2022-01-31", "reportedCurrency": "USD", "grossProfit": "318390000", "totalRevenue": "427267000", "costOfRevenue": "353356000", "costofGoodsAndServicesSold": "112620000", "operatingIncome": "-23534000", "sellingGeneralAndAdministrative": "236906000", "researchAndDevelopment": "105018000", "operatingExpenses": "341924000", "investmentIncomeNet": "None", "netInterestIncome": "-6302000", "interestIncome": "None", "interestExpense": "6302000", "nonInterestIncome": "431269000", "otherNonOperatingIncome": "545000", "depreciation": "None", "depreciationAndAmortization": "3830000", "incomeBeforeTax": "-28353000", "incomeTaxExpense": "13627000", "interestAndDebtExpense": "6302000", "netIncomeFromContinuingOperations": "-41712000", "comprehensiveIncomeNetOfTax": "-44105000", "ebit": "-22051000", "ebitda": "-18221000", "netIncome": "-41980000"}, {"fiscalDateEnding": "2021-10-31", "reportedCurrency": "USD", "grossProfit": "278387000", "totalRevenue": "375448000", "costOfRevenue": "326085000", "costofGoodsAndServicesSold": "101664000", "operatingIncome": "-40264000", "sellingGeneralAndAdministrative": "221021000", "researchAndDevelopment": "97630000", "operatingExpenses": "318651000", "investmentIncomeNet": "None", "netInterestIncome": "-6403000", "interestIncome": "None", "interestExpense": "6403000", "nonInterestIncome": "380051000", "otherNonOperatingIncome": "-329000", "depreciation": "None", "depreciationAndAmortization": "3400000", "incomeBeforeTax": "-45982000", "incomeTaxExpense": "4473000", "interestAndDebtExpense": "6403000", "netIncomeFromContinuingOperations": "-50450000", "comprehensiveIncomeNetOfTax": "-51120000", "ebit": "-39579000", "ebitda": "-36179000", "netIncome": "-50455000"}, {"fiscalDateEnding": "2021-07-31", "reportedCurrency": "USD", "grossProfit": "247258000", "totalRevenue": "333194000", "costOfRevenue": "297938000", "costofGoodsAndServicesSold": "90432000", "operatingIncome": "-47403000", "sellingGeneralAndAdministrative": "204206000", "researchAndDevelopment": "90455000", "operatingExpenses": "294661000", "investmentIncomeNet": "None", "netInterestIncome": "-6296000", "interestIncome": "None", "interestExpense": "6296000", "nonInterestIncome": "337690000", "otherNonOperatingIncome": "619000", "depreciation": "None", "depreciationAndAmortization": "3300000", "incomeBeforeTax": "-53080000", "incomeTaxExpense": "4238000", "interestAndDebtExpense": "6296000", "netIncomeFromContinuingOperations": "-57318000", "comprehensiveIncomeNetOfTax": "-57885000", "ebit": "-46784000", "ebitda": "-43484000", "netIncome": "-57318000"}, {"fiscalDateEnding": "2021-04-30", "reportedCurrency": "USD", "grossProfit": "224338000", "totalRevenue": "298394000", "costOfRevenue": "258427000", "costofGoodsAndServicesSold": "78505000", "operatingIncome": "-31347000", "sellingGeneralAndAdministrative": "177505000", "researchAndDevelopment": "78180000", "operatingExpenses": "255685000", "investmentIncomeNet": "None", "netInterestIncome": "-6230000", "interestIncome": "None", "interestExpense": "6230000", "nonInterestIncome": "302824000", "otherNonOperatingIncome": "4768000", "depreciation": "None", "depreciationAndAmortization": "2417000", "incomeBeforeTax": "-34949000", "incomeTaxExpense": "50100000", "interestAndDebtExpense": "6230000", "netIncomeFromContinuingOperations": "-82871000", "comprehensiveIncomeNetOfTax": "-85251000", "ebit": "-28719000", "ebitda": "-26302000", "netIncome": "-85049000"}, {"fiscalDateEnding": "2021-01-31", "reportedCurrency": "USD", "grossProfit": "198197000", "totalRevenue": "265165000", "costOfRevenue": "284431000", "costofGoodsAndServicesSold": "66732000", "operatingIncome": "-15803000", "sellingGeneralAndAdministrative": "147930000", "researchAndDevelopment": "66070000", "operatingExpenses": "214000000", "investmentIncomeNet": "None", "netInterestIncome": "-1049000", "interestIncome": "None", "interestExpense": "1049000", "nonInterestIncome": "264914000", "otherNonOperatingIncome": "-4286000", "depreciation": "None", "depreciationAndAmortization": "869000", "incomeBeforeTax": "-16142000", "incomeTaxExpense": "2860000", "interestAndDebtExpense": "1049000", "netIncomeFromContinuingOperations": "-19030000", "comprehensiveIncomeNetOfTax": "-17298000", "ebit": "-15093000", "ebitda": "-14224000", "netIncome": "-19002000"}, {"fiscalDateEnding": "2020-10-31", "reportedCurrency": "USD", "grossProfit": "170933000", "totalRevenue": "233367000", "costOfRevenue": "201580000", "costofGoodsAndServicesSold": "61527000", "operatingIncome": "-24159000", "sellingGeneralAndAdministrative": "137553000", "researchAndDevelopment": "57539000", "operatingExpenses": "195092000", "investmentIncomeNet": "None", "netInterestIncome": "-193000", "interestIncome": "None", "interestExpense": "193000", "nonInterestIncome": "232460000", "otherNonOperatingIncome": "272000", "depreciation": "None", "depreciationAndAmortization": "400000", "incomeBeforeTax": "-24031000", "incomeTaxExpense": "500000", "interestAndDebtExpense": "193000", "netIncomeFromContinuingOperations": "-24531000", "comprehensiveIncomeNetOfTax": "-25031000", "ebit": "-23838000", "ebitda": "-23438000", "netIncome": "-24531000"}, {"fiscalDateEnding": "2020-07-31", "reportedCurrency": "USD", "grossProfit": "144580000", "totalRevenue": "199797000", "costOfRevenue": "178579000", "costofGoodsAndServicesSold": "54391000", "operatingIncome": "-29991000", "sellingGeneralAndAdministrative": "124088000", "researchAndDevelopment": "50483000", "operatingExpenses": "174571000", "investmentIncomeNet": "None", "netInterestIncome": "-174000", "interestIncome": "None", "interestExpense": "174000", "nonInterestIncome": "198971000", "otherNonOperatingIncome": "732000", "depreciation": "None", "depreciationAndAmortization": "100000", "incomeBeforeTax": "-29433000", "incomeTaxExpense": "441000", "interestAndDebtExpense": "174000", "netIncomeFromContinuingOperations": "-29874000", "comprehensiveIncomeNetOfTax": "-27755000", "ebit": "-29259000", "ebitda": "-29159000", "netIncome": "-29874000"}, {"fiscalDateEnding": "2020-04-30", "reportedCurrency": "USD", "grossProfit": "131183000", "totalRevenue": "178835000", "costOfRevenue": "160179000", "costofGoodsAndServicesSold": "46895000", "operatingIncome": "-22576000", "sellingGeneralAndAdministrative": "113181000", "researchAndDevelopment": "40578000", "operatingExpenses": "153759000", "investmentIncomeNet": "None", "netInterestIncome": "-143000", "interestIncome": "143000", "interestExpense": "143000", "nonInterestIncome": "178078000", "otherNonOperatingIncome": "4533000", "depreciation": "None", "depreciationAndAmortization": "103000", "incomeBeforeTax": "-18186000", "incomeTaxExpense": "1036000", "interestAndDebtExpense": "143000", "netIncomeFromContinuingOperations": "-19222000", "comprehensiveIncomeNetOfTax": "-21235000", "ebit": "-18043000", "ebitda": "-17940000", "netIncome": "-19222000"}, {"fiscalDateEnding": "2020-01-31", "reportedCurrency": "USD", "grossProfit": "108693000", "totalRevenue": "154164000", "costOfRevenue": "156052000", "costofGoodsAndServicesSold": "43416000", "operatingIncome": "-31132000", "sellingGeneralAndAdministrative": "101134000", "researchAndDevelopment": "38691000", "operatingExpenses": "139825000", "investmentIncomeNet": "None", "netInterestIncome": "-145000", "interestIncome": "145000", "interestExpense": "145000", "nonInterestIncome": "152109000", "otherNonOperatingIncome": "3202000", "depreciation": "None", "depreciationAndAmortization": "102000", "incomeBeforeTax": "-28111000", "incomeTaxExpense": "297000", "interestAndDebtExpense": "145000", "netIncomeFromContinuingOperations": "-28408000", "comprehensiveIncomeNetOfTax": "-27301000", "ebit": "-27966000", "ebitda": "-27864000", "netIncome": "-28408000"}, {"fiscalDateEnding": "2019-10-31", "reportedCurrency": "USD", "grossProfit": "87764000", "totalRevenue": "127187000", "costOfRevenue": "136745000", "costofGoodsAndServicesSold": "37355000", "operatingIncome": "-38518000", "sellingGeneralAndAdministrative": "90290000", "researchAndDevelopment": "35992000", "operatingExpenses": "126282000", "investmentIncomeNet": "None", "netInterestIncome": "-132000", "interestIncome": "132000", "interestExpense": "132000", "nonInterestIncome": "125119000", "otherNonOperatingIncome": "3579000", "depreciation": "None", "depreciationAndAmortization": "100000", "incomeBeforeTax": "-35105000", "incomeTaxExpense": "400000", "interestAndDebtExpense": "132000", "netIncomeFromContinuingOperations": "-35505000", "comprehensiveIncomeNetOfTax": "-35073000", "ebit": "-34973000", "ebitda": "-34873000", "netIncome": "-35505000"}, {"fiscalDateEnding": "2019-07-31", "reportedCurrency": "USD", "grossProfit": "76526000", "totalRevenue": "110244000", "costOfRevenue": "134917000", "costofGoodsAndServicesSold": "31582000", "operatingIncome": "-50639000", "sellingGeneralAndAdministrative": "95535000", "researchAndDevelopment": "31630000", "operatingExpenses": "127165000", "investmentIncomeNet": "None", "netInterestIncome": "-164000", "interestIncome": "4736000", "interestExpense": "164000", "nonInterestIncome": "108108000", "otherNonOperatingIncome": "-451000", "depreciation": "None", "depreciationAndAmortization": "100000", "incomeBeforeTax": "-51254000", "incomeTaxExpense": "635000", "interestAndDebtExpense": "164000", "netIncomeFromContinuingOperations": "-51889000", "comprehensiveIncomeNetOfTax": "-52233000", "ebit": "-51090000", "ebitda": "-50990000", "netIncome": "-51889000"}, {"fiscalDateEnding": "2019-04-30", "reportedCurrency": "USD", "grossProfit": "66804000", "totalRevenue": "98376000", "costOfRevenue": "105377000", "costofGoodsAndServicesSold": "29273000", "operatingIncome": "-25775000", "sellingGeneralAndAdministrative": "68704000", "researchAndDevelopment": "23875000", "operatingExpenses": "92579000", "investmentIncomeNet": "None", "netInterestIncome": "-1000", "interestIncome": "1199000", "interestExpense": "1000", "nonInterestIncome": "96077000", "otherNonOperatingIncome": "394000", "depreciation": "None", "depreciationAndAmortization": "100000", "incomeBeforeTax": "-25382000", "incomeTaxExpense": "595000", "interestAndDebtExpense": "1000", "netIncomeFromContinuingOperations": "-25977000", "comprehensiveIncomeNetOfTax": "-26261000", "ebit": "-25381000", "ebitda": "-25281000", "netIncome": "-25977000"}, {"fiscalDateEnding": "2019-01-31", "reportedCurrency": "USD", "grossProfit": "53460000", "totalRevenue": "80455000", "costOfRevenue": "26995000", "costofGoodsAndServicesSold": "26995000", "operatingIncome": "-31232000", "sellingGeneralAndAdministrative": "13349000", "researchAndDevelopment": "22005000", "operatingExpenses": "84692000", "investmentIncomeNet": "None", "netInterestIncome": "None", "interestIncome": "None", "interestExpense": "0", "nonInterestIncome": "None", "otherNonOperatingIncome": "321000", "depreciation": "None", "depreciationAndAmortization": "4764000", "incomeBeforeTax": "-30911000", "incomeTaxExpense": "349000", "interestAndDebtExpense": "None", "netIncomeFromContinuingOperations": "-31260000", "comprehensiveIncomeNetOfTax": "-31014000", "ebit": "-30911000", "ebitda": "-26147000", "netIncome": "-31260000"}, {"fiscalDateEnding": "2018-10-31", "reportedCurrency": "USD", "grossProfit": "44105000", "totalRevenue": "66379000", "costOfRevenue": "22274000", "costofGoodsAndServicesSold": "22274000", "operatingIncome": "-42091000", "sellingGeneralAndAdministrative": "13614000", "researchAndDevelopment": "25968000", "operatingExpenses": "86196000", "investmentIncomeNet": "None", "netInterestIncome": "None", "interestIncome": "None", "interestExpense": "0", "nonInterestIncome": "None", "otherNonOperatingIncome": "303000", "depreciation": "None", "depreciationAndAmortization": "3837000", "incomeBeforeTax": "-41788000", "incomeTaxExpense": "535000", "interestAndDebtExpense": "None", "netIncomeFromContinuingOperations": "None", "comprehensiveIncomeNetOfTax": "-42749000", "ebit": "-41788000", "ebitda": "-37951000", "netIncome": "-42323000"}, {"fiscalDateEnding": "2018-07-31", "reportedCurrency": "USD", "grossProfit": "37126000", "totalRevenue": "55701000", "costOfRevenue": "18575000", "costofGoodsAndServicesSold": "18575000", "operatingIncome": "-30427000", "sellingGeneralAndAdministrative": "8477000", "researchAndDevelopment": "18963000", "operatingExpenses": "67553000", "investmentIncomeNet": "None", "netInterestIncome": "None", "interestIncome": "None", "interestExpense": "236000", "nonInterestIncome": "None", "otherNonOperatingIncome": "-1852000", "depreciation": "None", "depreciationAndAmortization": "3648000", "incomeBeforeTax": "-32515000", "incomeTaxExpense": "362000", "interestAndDebtExpense": "None", "netIncomeFromContinuingOperations": "-32877000", "comprehensiveIncomeNetOfTax": "-33237000", "ebit": "-32279000", "ebitda": "-28631000", "netIncome": "-32877000"}, {"fiscalDateEnding": "2018-04-30", "reportedCurrency": "USD", "grossProfit": "27895000", "totalRevenue": "47289000", "costOfRevenue": "19394000", "costofGoodsAndServicesSold": "19394000", "operatingIncome": "-33114000", "sellingGeneralAndAdministrative": "6777000", "researchAndDevelopment": "17615000", "operatingExpenses": "61009000", "investmentIncomeNet": "None", "netInterestIncome": "None", "interestIncome": "None", "interestExpense": "192000", "nonInterestIncome": "None", "otherNonOperatingIncome": "-190000", "depreciation": "None", "depreciationAndAmortization": "3149000", "incomeBeforeTax": "-33496000", "incomeTaxExpense": "121000", "interestAndDebtExpense": "None", "netIncomeFromContinuingOperations": "-33617000", "comprehensiveIncomeNetOfTax": "-33949000", "ebit": "-33304000", "ebitda": "-30155000", "netIncome": "-33617000"}]}